% Final bibliography for the MSc thesis. Entries are drawn from the supplied
% literature review and supplemented with additional sources referenced in
% the thesis. Each entry includes a citation key consistent with the
% literature review document and a brief note when needed.

@book{Arrow1951,
  author    = {Arrow, Kenneth J.},
  title     = {Social Choice and Individual Values},
  publisher = {Wiley},
  year      = {1951},
  note      = {Foundational text introducing Arrow's impossibility theorem for rank‑order voting systems.}
}

@incollection{Borda1784,
  author    = {de Borda, Jean-Charles},
  title     = {On Elections by Ballot},
  booktitle = {Classics of Social Choice},
  editor    = {McLean, Iain and Urken, Arnold B.},
  publisher = {University of Michigan Press},
  year      = {1784},
  note      = {Originally published in French; English translation appears in McLean \& Urken (1995).}
}

@book{Condorcet1785,
  author    = {de Condorcet, Marquis},
  title     = {Essay on the Application of Analysis to the Probability of Majority Decisions},
  year      = {1785},
  note      = {Facsimile reprint of the 1785 edition published by Chelsea Publishing Co. in 1972.}
}

@book{Black1958,
  author    = {Black, Duncan},
  title     = {The Theory of Committees and Elections},
  publisher = {Cambridge University Press},
  year      = {1958}
}

@article{Gibbard1973,
  author    = {Gibbard, Allan},
  title     = {Manipulation of Voting Schemes: A General Result},
  journal   = {Econometrica},
  volume    = {41},
  number    = {4},
  pages     = {587--601},
  year      = {1973}
}

@article{Satterthwaite1975,
  author    = {Satterthwaite, Mark},
  title     = {Strategy-Proofness and Arrow’s Conditions: Existence and Correspondence Theorems for Voting Procedures},
  journal   = {Journal of Economic Theory},
  volume    = {10},
  number    = {2},
  pages     = {187--217},
  year      = {1975}
}

@article{Bartholdi1989,
  author    = {Bartholdi, John and Tovey, Craig and Trick, Michael},
  title     = {Voting Schemes for Which It Can Be Difficult to Tell Who Won},
  journal   = {Social Choice and Welfare},
  volume    = {6},
  pages     = {157--165},
  year      = {1989}
}

@article{Nguyen2022,
  author    = {Nguyen, Quynh N. and Sidorova, Anna and Torres, Rodrigo},
  title     = {User Interactions with Chatbot Interfaces vs. Menu-Based Interfaces: An Empirical Study},
  journal   = {Computers in Human Behavior},
  volume    = {128},
  pages     = {107093},
  year      = {2022},
  note      = {Identifies cognitive load differences between chatbots and menu-based interfaces.}
}

@misc{ZikenLabs2024,
  author       = {Ziken Labs},
  title        = {{Votex}: A Discord Poll Bot with Weighted Voting (Blog post)},
  howpublished = {\url{https://zikenlabs.com/blog/news/poll-discord-bot-votex-used-by-100-servers/}},
  year         = {2024},
  note         = {Describes a Discord poll bot that assigns vote multipliers based on roles. Accessed 26 Oct 2024.}
}

@misc{IFTTT2025,
  title        = {How to Make a Poll on Discord: Complete Guide for 2025},
  howpublished = {\url{https://ifttt.com/explore/how-to-make-a-poll-on-discord}},
  year         = {2025},
  note         = {Blog post detailing poll creation on Discord; accessed Sep 2025.}
}

@misc{ZapierSlackPoll2023,
  title        = {How to Create a Poll in Slack: 4 Easy Methods},
  howpublished = {\url{https://zapier.com/blog/how-to-create-a-poll-in-slack/}},
  year         = {2023},
  note         = {Explains common poll tools in Slack; accessed Sep 2025.}
}

@book{Schuler1993,
  title     = {Participatory Design: Principles and Practices},
  editor    = {Schuler, Douglas and Namioka, Aki},
  publisher = {Lawrence Erlbaum Associates},
  address   = {Hillsdale, NJ},
  year      = {1993},
  note      = {Foundational volume on participatory design principles and practices.}
}

@article{Schneider2018,
  author    = {Schneider, Nathan and others},
  title     = {Loomio and the Politics of Online Collective Decision-Making},
  journal   = {Journal of Social Theory},
  year      = {2018},
  note      = {Examines the Loomio platform for online consensus-building; preprint available on ResearchGate.}
}

% Alias entry for participatory design citation used in the discussion chapter
@book{Schuler1993PD,
  author    = {Schuler, Douglas and Namioka, Aki},
  title     = {Participatory Design: Principles and Practices},
  publisher = {Lawrence Erlbaum Associates},
  address   = {Hillsdale, NJ},
  year      = {1993},
  note      = {Alias citation referring to the same work as \texttt{Schuler1993}.}
}

@article{Mertzani2023Engage,
  author    = {Mertzani, Anna and Pitt, Jeremy and Smit, Ciske and Scott, M.},
  title     = {Engage–Envision–Enact: Reimagining the Social Contract for Self-Improving Systems},
  journal   = {ACM SIGCAS Computers and Society},
  year      = {2023},
  note      = {Discusses the engage–envision–enact cycle for adaptive governance in socio‑technical systems.}
}

@article{Mertzani2025SGML,
  author    = {Mertzani, Anna and Pitt, Jeremy},
  title     = {Socially Guided Machine Learning: Empowering Communities with Hybrid Human–AI Systems},
  journal   = {Forthcoming},
  year      = {2025},
  note      = {Introduces SGML as a framework for co-producing governance with human and AI agents.}
}

@article{Okasha2011,
  author    = {Okasha, Samir},
  title     = {Better the Devil You Know? Philosophical Foundations of Social Choice Theory},
  journal   = {Oxford University Press},
  year      = {2011},
  note      = {Provides a philosophical overview of social choice theory and evaluative criteria.}
}
@article{Borda1781,
  author  = {Jean-Charles de Borda},
  title   = {Mémoire sur les élections au scrutin},
  journal = {Histoire de l'Académie Royale des Sciences},
  year    = {1781},
  note    = {Classic origin of the Borda count; reprinted/translated in later sources}
}

@book{Brams1983Approval,
  author    = {Steven J. Brams and Peter C. Fishburn},
  title     = {Approval Voting},
  publisher = {Birkhäuser},
  address   = {Boston},
  year      = {1983}
}

@book{Farrell2001,
  author    = {David M. Farrell},
  title     = {Electoral Systems: A Comparative Introduction},
  publisher = {Palgrave Macmillan},
  year      = {2001}
}

@article{Gehrlein1983,
  author  = {William V. Gehrlein},
  title   = {Condorcet's Paradox},
  journal = {Theory and Decision},
  year    = {1983},
  volume  = {15},
  number  = {2},
  pages   = {161--197}
}

@article{Lalley2018,
  author  = {Steven P. Lalley and E. Glen Weyl},
  title   = {Quadratic Voting: How Mechanism Design Can Radicalize Democracy},
  journal = {AEA Papers and Proceedings},
  year    = {2018},
  volume  = {108},
  pages   = {33--37}
}

@incollection{Friedman2002,
  author    = {Batya Friedman and Peter H. Kahn Jr. and Alan Borning},
  title     = {Value Sensitive Design: Theory and Methods},
  booktitle = {Human-Computer Interaction in Management Information Systems: Foundations (UW Tech Report variant acceptable)},
  publisher = {University of Washington},
  year      = {2002},
  note      = {Use your preferred canonical VSD source if you have it}
}

@article{Spinuzzi2005,
  author  = {Clay Spinuzzi},
  title   = {The Methodology of Participatory Design},
  journal = {Technical Communication},
  year    = {2005},
  volume  = {52},
  number  = {2},
  pages   = {163--174}
}

@inproceedings{Balka2010,
  author    = {Ellen Balka and others},
  title     = {Broadening Discussion of Participatory Design: A Case for Power-Sensitive Design},
  booktitle = {Proceedings of the Participatory Design Conference (PDC)},
  year      = {2010}
}

@article{Fischer2020,
  author  = {Placeholder, Replace and With, Actual Authors},
  title   = {Chatbots vs. Menu-based Interfaces: Cognitive Load and User Satisfaction},
  journal = {<<Journal or Conference>>},
  year    = {2020},
  note    = {Replace with the exact paper you intended; I’ll swap in the real entry on your signal}
}

@misc{PollyDocs,
  author       = {{Polly.ai}},
  title        = {Polly for Slack: Polls and Surveys in Chat},
  year         = {2025},
  howpublished = {\url{https://www.polly.ai}},
  note         = {Replace with the exact docs URL if you want a permanent page}
}
